 @article{zhang_liew_wei_wei_zhao_2020, title={Interactive Object Segmentation With Inside-Outside Guidance}, DOI={10.1109/cvpr42600.2020.01225}, journal={2020 IEEE/CVF Conference on Computer Vision and Pattern Recognition (CVPR)}, author={Zhang, Shiyin and Liew, Jun Hao and Wei, Yunchao and Wei, Shikui and Zhao, Yao}, year={2020}}

 @article{xu_price_cohen_yang_huang_2016, title={Deep Interactive Object Selection}, DOI={10.1109/cvpr.2016.47}, journal={2016 IEEE Conference on Computer Vision and Pattern Recognition (CVPR)}, author={Xu, Ning and Price, Brian and Cohen, Scott and Yang, Jimei and Huang, Thomas}, year={2016}} 

 @article{boykov_jolly, title={Interactive graph cuts for optimal boundary and; region segmentation of objects in N-D images}, DOI={10.1109/iccv.2001.937505}, journal={Proceedings Eighth IEEE International Conference on Computer Vision. ICCV 2001}, author={Boykov, Y.Y. and Jolly, M.-P.}} 

 @article{rother_kolmogorov_blake_2004, title={"GrabCut"}, DOI={10.1145/1186562.1015720}, journal={ACM SIGGRAPH 2004 Papers on   - SIGGRAPH '04}, author={Rother, Carsten and Kolmogorov, Vladimir and Blake, Andrew}, year={2004}} 

 @article{maninis, title={Deep Extreme Cut: From Extreme Points to Object Segmentation}, DOI={10.1109/cvpr.2018.00071}, journal={2018 IEEE/CVF Conference on Computer Vision and Pattern Recognition}, author={Maninis, K.-K. and Caelles, S. and Pont-Tuset, J. and Van Gool, L.}, year={2018}}

 @article{coco, title={Microsoft COCO: Common Objects in Context}, DOI={10.1007/978-3-319-10602-1_48}, journal={Computer Vision – ECCV 2014}, author={Lin, Tsung-Yi and Maire, Michael and Belongie, Serge and Hays, James and Perona, Pietro and Ramanan, Deva and Dollár, Piotr and Zitnick, C. Lawrence}, year={2014}, pages={740–755}}

 @misc{tiu_2020, title={Metrics to Evaluate your Semantic Segmentation Model}, url={https://towardsdatascience.com/metrics-to-evaluate-your-semantic-segmentation-model-6bcb99639aa2}, journal={Medium}, publisher={Towards Data Science}, author={Tiu, Ekin}, year={2020}, month={Oct}} 